01REMESSA01COBRANCA       036700114410        RH HEALTH                     341BANCO ITAU SA  300517                                                                                                                                                                                                                                                                                                 S407C000001
10220183726000114036700114410                                 000096020000000000000109                     I01949       30051700000000134423410000006N300517520000000000000040000000000000000000000000000000000000000000000100001589615794Marcio Jose da Silva                    Travessa Maria Ornelas, 85              Porto Novo  24431820Sao Goncalo    RJ                                  00000000 000002
10220183726000114036700114410                                 000096030000000000000109                     I01949       30061700000000134423410000006N300517520000000000000040000000000000000000000000000000000000000000000100001589615794Marcio Jose da Silva                    Travessa Maria Ornelas, 85              Porto Novo  24431820Sao Goncalo    RJ                                  00000000 000003
10220183726000114036700114410                                 000096040000000000000109                     I01949       30071700000000134423410000006N300517520000000000000040000000000000000000000000000000000000000000000100001589615794Marcio Jose da Silva                    Travessa Maria Ornelas, 85              Porto Novo  24431820Sao Goncalo    RJ                                  00000000 000004
10220183726000114036700114410                                 000096050000000000000109                     I01949       30081700000000134423410000006N300517520000000000000040000000000000000000000000000000000000000000000100001589615794Marcio Jose da Silva                    Travessa Maria Ornelas, 85              Porto Novo  24431820Sao Goncalo    RJ                                  00000000 000005
10220183726000114036700114410                                 000096060000000000000109                     I01949       30091700000000134423410000006N300517520000000000000040000000000000000000000000000000000000000000000100001589615794Marcio Jose da Silva                    Travessa Maria Ornelas, 85              Porto Novo  24431820Sao Goncalo    RJ                                  00000000 000006
10220183726000114036700114410                                 000096070000000000000109                     I01949       30101700000000134423410000006N300517520000000000000040000000000000000000000000000000000000000000000100001589615794Marcio Jose da Silva                    Travessa Maria Ornelas, 85              Porto Novo  24431820Sao Goncalo    RJ                                  00000000 000007
10220183726000114036700114410                                 000096080000000000000109                     I01949       30111700000000134423410000006N300517520000000000000040000000000000000000000000000000000000000000000100001589615794Marcio Jose da Silva                    Travessa Maria Ornelas, 85              Porto Novo  24431820Sao Goncalo    RJ                                  00000000 000008
10220183726000114036700114410                                 000104300000000000000109                     I011016      15061700000000176093410000006N090617520000000000000060000000000000000000000000000000000000000000000100097102601700ROSANGELA C. B. DA CONCEICAO            Travessa Maria Ornelas, 85              Porto Novo  24416400SAO GONCALO    RJ                                  00000000 000009
9                                                                                                                                                                                                                                                                                                                                                                                                         000010
