02RETORNO01COBRANCA       036700114410        RH HEALTH                     341BANCO ITAU S.A.31051701600BPI00459010617                                                                                                                                                                                                                                                                                   000001
10220183726000114036700114410                                 00009602            109000096020             I02310517949       00009602            30051700000000134423411306006000000000000000000000000000000000000000000000000000000000000000000000000000000000000000000000000000000040000000000000         00000000000000000000000MARCIO JOSE DA SILVA                                                  000002
10220183726000114036700114410                                 00009603            109000096038             I02310517949       00009603            30061700000000134423411306006000000000000000000000000000000000000000000000000000000000000000000000000000000000000000000000000000000040000000000000         00000000000000000000000MARCIO JOSE DA SILVA                                                  000003
10220183726000114036700114410                                 00009607            109000096079             I02310517949       00009607            30101700000000134423411306006000000000000000000000000000000000000000000000000000000000000000000000000000000000000000000000000000000040000000000000         00000000000000000000000MARCIO JOSE DA SILVA                                                  000004
10220183726000114036700114410                                 00010430            109000104303             I060906171016      00010430            15061700000000176091044143406000000000029700000000000000000000000000000000000000000000000000000000000000000000000001731200000000000000000000000000   12061700000000000000000000000ROSANGELA C. B. DA CONCEICAO                                        B5000005
9201341          000000000000000000000000000000          000000000000000000000000000000                                                  000000000000000000000000000000          0000741200000115605750  01/06S004590000010400000001650280                                                                                                                                                                000006
